<?xml version="1.0" encoding="UTF-8"?>
<record xmlns="http://www.loc.gov/MARC21/slim">
   <leader>01439cam a2200337 a 4500</leader>
   <controlfield tag="001">1135620</controlfield>
   <controlfield tag="003">NjP</controlfield>
   <controlfield tag="005">20190705143354.0</controlfield>
   <controlfield tag="008">950615s1836    tu            000 0 ara d</controlfield>
   <datafield tag="024" ind1="7" ind2=" ">
      <subfield code="a">princeton_aco004166</subfield>
      <subfield code="2">local</subfield>
   </datafield>
   <datafield ind1=" " ind2=" " tag="035">
      <subfield code="a">(CStRLIN)NJPG95-B37141</subfield>
   </datafield>
   <datafield ind1=" " ind2=" " tag="035">
      <subfield code="9">CCN3130TS</subfield>
   </datafield>
   <datafield ind1=" " ind2=" " tag="035">
      <subfield code="a">(NjP)1135620</subfield>
   </datafield>
   <datafield ind1=" " ind2=" " tag="040">
      <subfield code="a">NjP</subfield>
      <subfield code="c">PUL</subfield>
      <subfield code="d">PUL</subfield>
   </datafield>
   <datafield ind1=" " ind2=" " tag="049">
      <subfield code="a">PULL</subfield>
   </datafield>
   <datafield ind1=" " ind2=" " tag="035">
      <subfield code="a">(OCoLC)ocm36849287</subfield>
   </datafield>
   <datafield ind1="0" ind2=" " tag="100">
      <subfield code="6">880-01</subfield>
      <subfield code="a">Ḥamdān ibn ʻUthmān Khawājah,</subfield>
      <subfield code="d">ca. 1775-1839 or 40.</subfield>
      <subfield code="0">http://id.loc.gov/authorities/names/n88074178</subfield>
   </datafield>
   <datafield ind1="1" ind2="0" tag="245">
      <subfield code="6">880-02</subfield>
      <subfield code="a">Itḥāf al-udabāʼ /</subfield>
      <subfield code="c">[Ḥamdān ibn ʻUthmān Khawājah]</subfield>
   </datafield>
   <datafield ind1=" " ind2=" " tag="260">
      <subfield code="6">880-03</subfield>
      <subfield code="a">[Istanbul :</subfield>
      <subfield code="b">Dār al-Ṭibāʻah al-Sulṭānīyah],</subfield>
      <subfield code="c">1252 [1836 or 1837]</subfield>
   </datafield>
   <datafield ind1=" " ind2=" " tag="300">
      <subfield code="a">8, 56 p. ;</subfield>
      <subfield code="c">21 cm.</subfield>
   </datafield>
   <datafield ind1=" " ind2=" " tag="500">
      <subfield code="a">Caption title.</subfield>
   </datafield>
   <datafield ind1=" " ind2="0" tag="650">
      <subfield code="a">Quarantine.</subfield>
      <subfield code="0">http://id.loc.gov/authorities/subjects/sh85109473</subfield>
   </datafield>
   <datafield ind1=" " ind2="0" tag="650">
      <subfield code="a">Communicable diseases.</subfield>
      <subfield code="0">http://id.loc.gov/authorities/subjects/sh85029015</subfield>
   </datafield>
   <datafield ind1="0" ind2=" " tag="880">
      <subfield code="6">100-01/r</subfield>
      <subfield code="a">حمدان بن عثمان خواجة،</subfield>
      <subfield code="d">ca. 1775-1839 or 40.</subfield>
   </datafield>
   <datafield ind1="1" ind2="0" tag="880">
      <subfield code="6">245-02/r</subfield>
      <subfield code="a">اتحاف الادباء /</subfield>
      <subfield code="c">[حمدان بن عثمان خواجة]</subfield>
   </datafield>
   <datafield ind1=" " ind2=" " tag="880">
      <subfield code="6">260-03/r</subfield>
      <subfield code="a">[Istanbul :</subfield>
      <subfield code="b">دار الطباعة السلطانية]،</subfield>
      <subfield code="c">1252 [1836 or 1837]</subfield>
   </datafield>
   <datafield ind1="4" ind2=" " tag="856">
      <subfield code="u">http://hdl.handle.net/2027/njp.32101076411022</subfield>
   </datafield>
   <datafield ind1=" " ind2=" " tag="998">
      <subfield code="a">04/22/97</subfield>
      <subfield code="s">9114</subfield>
      <subfield code="n">NjP</subfield>
      <subfield code="w">NJPG95B37141</subfield>
      <subfield code="d">06/15/95</subfield>
      <subfield code="c">AAH</subfield>
      <subfield code="b">KC</subfield>
      <subfield code="i">970422</subfield>
      <subfield code="l">NJPG</subfield>
   </datafield>
   <datafield ind1=" " ind2=" " tag="911">
      <subfield code="a">19970508</subfield>
   </datafield>
   <datafield ind1=" " ind2=" " tag="912">
      <subfield code="a">19970422000000.0</subfield>
   </datafield>
   <datafield ind1=" " ind2=" " tag="994">
      <subfield code="a">C0</subfield>
      <subfield code="b">PUL</subfield>
   </datafield>
   <datafield ind1=" " ind2=" " tag="999">
      <subfield code="a">1135620</subfield>
   </datafield>
   <datafield ind1=" " ind2=" " tag="979">
      <subfield code="a">(OCoLC)ocn176681110</subfield>
   </datafield>
   <datafield ind1="8" ind2="0" tag="852">
      <subfield code="0">1302412</subfield>
      <subfield code="b">rcppa</subfield>
      <subfield code="t">1</subfield>
      <subfield code="h">2271.26289.3492 1836</subfield>
      <subfield code="x">tr fr f</subfield>
   </datafield>
   <datafield ind1="8" ind2=" " tag="852">
      <subfield code="0">8688233</subfield>
      <subfield code="b">elf1</subfield>
      <subfield code="h">Electronic Resource</subfield>
   </datafield>
   <datafield ind1=" " ind2=" " tag="959">
      <subfield code="a">2000-06-08 00:00:00 -0500</subfield>
   </datafield>
</record>
